<?xml version="1.0" encoding="UTF-8"?><record xmlns="http://www.loc.gov/MARC21/slim" xmlns:cinclude="http://apache.org/cocoon/include/1.0" xmlns:zs="http://www.loc.gov/zing/srw/">
  <leader>00469nz  a2200133n  4500</leader>
  <controlfield tag="001">no2005064405</controlfield>
  <controlfield tag="003">DLC</controlfield>
  <controlfield tag="005">20050715051907.0</controlfield>
  <controlfield tag="008">050714n| acannaabn          |n aaa     c</controlfield>
  <datafield tag="010" ind1=" " ind2=" ">
    <subfield code="a">no2005064405</subfield>
  </datafield>
  <datafield tag="035" ind1=" " ind2=" ">
    <subfield code="a">(OCoLC)oca06680794</subfield>
  </datafield>
  <datafield tag="040" ind1=" " ind2=" ">
    <subfield code="a">PSC-Hi</subfield>
    <subfield code="b">eng</subfield>
    <subfield code="c">PSC-Hi</subfield>
  </datafield>
  <datafield tag="100" ind1="1" ind2=" ">
    <subfield code="a">Litvackoff, Florence Cook,</subfield>
    <subfield code="d">1897-1989</subfield>
  </datafield>
  <datafield tag="670" ind1=" " ind2=" ">
    <subfield code="a">Longstreth-Noble Family Papers, 1735-1980</subfield>
    <subfield code="b">(Florence Cook Litvackoff, 1897-1989; Florence Longstreth Cook; Quaker social worker of Philadelphia, Pa.)</subfield>
  </datafield>
</record>